<?xml version="1.0" encoding="UTF-8"?><collection xmlns="http://www.loc.gov/MARC21/slim"><record><leader>00386nam--2200133-i-4500</leader><controlfield tag="001">000012748</controlfield><controlfield tag="002">20161230</controlfield><controlfield tag="005">20161230201029</controlfield><controlfield tag="008">060222s1000------------r-----000-0-eng-d</controlfield><datafield ind1=" " ind2=" " tag="080"><subfield code="a">530.1:514.745:514.8:517.9</subfield></datafield><datafield ind1=" " ind2=" " tag="100"><subfield code="a">Choquet-bruhat, Yvonne /S.A.</subfield></datafield><datafield ind1=" " ind2=" " tag="245"><subfield code="a">Analysis, manifolds and physics</subfield></datafield><datafield ind1=" " ind2=" " tag="260"><subfield code="a">Amsterdam, North-holland Publishing Company, 1977. Xvii + 544 P</subfield></datafield><datafield ind1=" " ind2=" " tag="852"><subfield code="a">45256</subfield></datafield></record></collection>